<record><leader>00000cas a2200000 a 4500</leader><controlfield tag="001">1536853</controlfield><controlfield tag="008">750812c19609999maudr ne      0   a0eng c</controlfield><datafield ind1=" " ind2=" " tag="010"><subfield code="a">sn 83045150 </subfield></datafield><datafield ind1=" " ind2=" " tag="040"><subfield code="a">MUL</subfield><subfield code="b">eng</subfield><subfield code="c">MUL</subfield><subfield code="d">UCU</subfield><subfield code="d">NPW</subfield><subfield code="d">NSD</subfield><subfield code="d">NPX</subfield><subfield code="d">NPI</subfield><subfield code="d">NPA</subfield><subfield code="d">NPW</subfield><subfield code="d">MGN</subfield><subfield code="d">KNP</subfield><subfield code="d">MGN</subfield><subfield code="d">CNK</subfield><subfield code="d">MYG</subfield><subfield code="d">HUL</subfield><subfield code="d">NVK</subfield><subfield code="d">NVF</subfield><subfield code="d">CVF</subfield><subfield code="d">DLC</subfield><subfield code="d">NYS</subfield><subfield code="d">SYS</subfield><subfield code="d">NYS</subfield><subfield code="d">NLM</subfield><subfield code="d">NVF</subfield><subfield code="d">CLU</subfield><subfield code="d">GK8</subfield><subfield code="d">OCL</subfield><subfield code="d">OCLCQ</subfield><subfield code="d">OCLCF</subfield><subfield code="d">CUS</subfield></datafield><datafield ind1=" " ind2=" " tag="012"><subfield code="l">a</subfield><subfield code="m">1</subfield></datafield><datafield ind1="7" ind2=" " tag="016"><subfield code="a">101087245</subfield><subfield code="2">DNLM</subfield></datafield><datafield ind1=" " ind2=" " tag="019"><subfield code="a">145340225</subfield><subfield code="a">180774307</subfield></datafield><datafield ind1="1" ind2=" " tag="022"><subfield code="a">0743-1791</subfield><subfield code="l">0743-1791</subfield><subfield code="2">1</subfield></datafield><datafield ind1="1" ind2=" " tag="029"><subfield code="a">NLM</subfield><subfield code="b">101087245</subfield></datafield><datafield ind1="1" ind2=" " tag="029"><subfield code="a">AU@</subfield><subfield code="b">000020415915</subfield></datafield><datafield ind1="1" ind2=" " tag="029"><subfield code="a">NZ1</subfield><subfield code="b">16067834</subfield></datafield><datafield ind1=" " ind2=" " tag="032"><subfield code="a">061420</subfield><subfield code="b">USPS</subfield></datafield><datafield ind1=" " ind2=" " tag="037"><subfield code="b">Boston Globe, 135 Morrissey Blvd., Boston, MA 02107</subfield></datafield><datafield ind1=" " ind2=" " tag="042"><subfield code="a">pcc</subfield><subfield code="a">nsdp</subfield></datafield><datafield ind1=" " ind2=" " tag="043"><subfield code="a">n-us-ma</subfield></datafield><datafield ind1="0" ind2="0" tag="050"><subfield code="a">Newspaper</subfield></datafield><datafield ind1="1" ind2="4" tag="050"><subfield code="a">AN</subfield></datafield><datafield ind1=" " ind2="4" tag="222"><subfield code="a">The Boston globe</subfield></datafield><datafield ind1="0" ind2="4" tag="245"><subfield code="a">The Boston globe.</subfield></datafield><datafield ind1="1" ind2=" " tag="246"><subfield code="i">Published on Sundays as:</subfield><subfield code="a">Boston Sunday globe</subfield></datafield><datafield ind1=" " ind2=" " tag="260"><subfield code="a">Boston, Mass. :</subfield><subfield code="b">Globe Newspaper Co.,</subfield><subfield code="c">1960-</subfield></datafield><datafield ind1=" " ind2=" " tag="300"><subfield code="a">v. :</subfield><subfield code="b">ill. (some col.) ;</subfield><subfield code="c">67 cm.</subfield></datafield><datafield ind1=" " ind2=" " tag="310"><subfield code="a">Daily</subfield></datafield><datafield ind1=" " ind2=" " tag="336"><subfield code="a">text</subfield><subfield code="b">txt</subfield><subfield code="2">rdacontent</subfield></datafield><datafield ind1=" " ind2=" " tag="337"><subfield code="a">unmediated</subfield><subfield code="b">n</subfield><subfield code="2">rdamedia</subfield></datafield><datafield ind1=" " ind2=" " tag="338"><subfield code="a">volume</subfield><subfield code="b">nc</subfield><subfield code="2">rdacarrier</subfield></datafield><datafield ind1="0" ind2=" " tag="362"><subfield code="a">Vol. 177, no. 116 (Apr. 25, 1960)-</subfield></datafield><datafield ind1=" " ind2=" " tag="500"><subfield code="a">Published in two editions Monday-Friday, 1960-May 11, 1968.</subfield></datafield><datafield ind1=" " ind2=" " tag="515"><subfield code="a">Suspended Mar. 7-Apr. 7, 1966.</subfield></datafield><datafield ind1=" " ind2=" " tag="530"><subfield code="a">Beginning 1985, also available on CD-ROM.</subfield></datafield><datafield ind1=" " ind2=" " tag="530"><subfield code="a">Select recent articles from the daily paper available online.</subfield></datafield><datafield ind1=" " ind2=" " tag="530"><subfield code="a">Available on Microfilm.</subfield></datafield><datafield ind1=" " ind2=" " tag="580"><subfield code="a">Evening ed.: Boston evening globe (Boston, Mass. : 1968), 1968-1979.</subfield></datafield><datafield ind1=" " ind2="0" tag="651"><subfield code="a">Boston (Mass.)</subfield><subfield code="v">Newspapers.</subfield></datafield><datafield ind1=" " ind2="0" tag="651"><subfield code="a">Suffolk County (Mass.)</subfield><subfield code="v">Newspapers.</subfield></datafield><datafield ind1=" " ind2="7" tag="651"><subfield code="a">Massachusetts</subfield><subfield code="z">Boston.</subfield><subfield code="2">fast</subfield><subfield code="0">(OCoLC)fst01205012</subfield></datafield><datafield ind1=" " ind2="7" tag="651"><subfield code="a">Massachusetts</subfield><subfield code="z">Suffolk County.</subfield><subfield code="2">fast</subfield><subfield code="0">(OCoLC)fst01206189</subfield></datafield><datafield ind1=" " ind2="7" tag="655"><subfield code="a">Newspapers.</subfield><subfield code="2">fast</subfield><subfield code="0">(OCoLC)fst01423814</subfield></datafield><datafield ind1=" " ind2=" " tag="752"><subfield code="a">United States</subfield><subfield code="b">Massachusetts</subfield><subfield code="c">Suffolk</subfield><subfield code="d">Boston.</subfield></datafield><datafield ind1="1" ind2=" " tag="775"><subfield code="t">Boston evening globe (Boston, Mass. : 1968)</subfield><subfield code="w">(DLC)sn 91058152</subfield><subfield code="w">(OCoLC)24980336</subfield></datafield><datafield ind1="1" ind2=" " tag="776"><subfield code="t">Newspapers on CD ROM. Boston globe</subfield><subfield code="g">1985-</subfield><subfield code="w">(DLC)sn 94031616</subfield><subfield code="w">(OCoLC)30982859</subfield></datafield><datafield ind1="1" ind2=" " tag="776"><subfield code="t">Boston globe (CD-ROM)</subfield><subfield code="g">&lt;1987&gt;-</subfield><subfield code="w">(DLC)sn 96038125</subfield><subfield code="w">(OCoLC)32115222</subfield></datafield><datafield ind1="1" ind2=" " tag="776"><subfield code="t">Boston globe (Online)</subfield><subfield code="w">(DLC)sn 96033994</subfield><subfield code="w">(OCoLC)35844425</subfield></datafield><datafield ind1="0" ind2="0" tag="780"><subfield code="t">Boston daily globe (Boston, Mass. : 1872)</subfield><subfield code="w">(DLC)sn 83045484</subfield><subfield code="w">(OCoLC)9497068</subfield></datafield><datafield ind1="4" ind2="1" tag="856"><subfield code="u">http://bibpurl.oclc.org/web/8989</subfield><subfield code="u">http://www.boston.com/globe</subfield></datafield><datafield ind1="4" ind2="1" tag="856"><subfield code="z">Full text available from Newspaper Source: 01/09/1997 to 27/07/2007</subfield><subfield code="u">http://search.ebscohost.com/login.aspx?direct=true&amp;db=nfh&amp;jn=Boston+Globe+(MA)&amp;site=ehost-live&amp;scope=site</subfield></datafield></record>